@Misc{ googFS,
	AUTHOR = "Sanjay Ghemawat and Howard Gobioff and Shun-Tak Leung",
	TITLE = "The Google File System",
	YEAR = 2003,
	HOWPUBLISHED = "19th ACM Symposium on Operating Systems Principles, Lake George, NY, October, 2003."
}

@Misc{ googBigTable,
	AUTHOR = "Fay Chang and Jeffrey Dean and Sanjay Ghemawat and Wilson C. Hsieh and Deborah A. Wallach and Mike Burrows and Tushar Chandra and Andrew Fikes and Robert E. Gruber",
	TITLE = "Bigtable: A Distributed Storage System for Structured Data",
	YEAR = 2006,
	HOWPUBLISHED = "OSDI'06: Seventh Symposium on Operating System Design and Implementation,
Seattle, WA, November, 2006."
}

@Misc{ googChubby,
	AUTHOR = "Mike Burrows",
	TITLE = "The Chubby Lock Service for Loosely-Coupled Distributed Systems",
	YEAR = 2006,
	HOWPUBLISHED = "OSDI'06: Seventh Symposium on Operating System Design and Implementation,
Seattle, WA, November, 2006."
}

@Misc{ googMapReduce,
	AUTHOR = "Jeffrey Dean and Sanjay Ghemawat",
	TITLE = "MapReduce: Simplified Data Processing on Large Clusters ",
	YEAR = 2004,
	HOWPUBLISHED = "OSDI'04: Sixth Symposium on Operating System Design and Implementation,
San Francisco, CA, December, 2004."
}

@Misc{ paxos,
	AUTHOR = "Leslie Lamport",
	TITLE = "The Part-Time Parliament",
	YEAR = 1998,
	HOWPUBLISHED = "ACM Transactions on Computer Systems 16, 2 (May 1998), 133-169.  Also appeared as SRC Research Report 49."
}

@Misc{ amazonDynamo,
	AUTHOR = "Giuseppe DeCandia and Deniz Hastorun and Madan Jampani and Gunavardhan Kakulapati and Avinash Lakshman and Alex Pilchin and Swaminathan Sivasubramanian and Peter Vosshall and Werner Vogels",
	TITLE = "Dynamo: Amazon’s Highly Available Key-value Store",
	YEAR = 2007,
	HOWPUBLISHED = "amazon.com"
}

@Misc{ acid,
	AUTHOR = "Jim Gray",
	TITLE = "The Transaction Concept: Virtues and Limitations",
	YEAR = 1981,
	HOWPUBLISHED = "Proceedings of the 7th International Conference on Very Large Databases."
}

@Misc{ cap,
	AUTHOR = "Nancy Lynch and Seth Gilbert",
	TITLE =  "Brewers conjecture and the feasibility of consistent available partition-tolerant web services",
	YEAR = 2002,
	HOWPUBLISHED = "ACM SIGACT News, Volume 33 Issue 2"
}

@Misc{ chord,
	AUTHOR = "Ion Stoica and Robert Morris and David Karger and M. Frans Kaashoek and Hari Balakrishnan",
	TITLE =  "Chord: A Scalable Peer-to-peer Lookup Service for Internet Applications",
	YEAR = 2001,
	HOWPUBLISHED = "In the Proceedings of ACM SIGCOMM 2001, San Deigo, CA, August 2001"
}

@Misc{ pastry,
	AUTHOR = "A. Rowstron and P. Druschel",
	TITLE =  "Pastry: Scalable, decentralized object location and routing for large-scale peer-to-peer systems",
	YEAR = 2001,
	HOWPUBLISHED = "IFIP/ACM International Conference on Distributed Systems Platforms (Middleware), Heidelberg, Germany"
}


@Misc{ cassandra,
	AUTHOR = "Avinash Lakshman and Prashant Malik",
	TITLE =  "Apache Casandra",
	HOWPUBLISHED = "\url{http://cassandra.apache.org/}, retrieved 6th June 2012"
}

@Misc{ riak,
	AUTHOR = "Basho",
	TITLE =  "Riak",
	HOWPUBLISHED = "\url{http://wiki.basho.com/Riak.html}, retrieved 6th June 2012"
}

@Misc{ voldemort,
	AUTHOR = "Roshan Sumbaly and Jay Kreps and Lei Gao and Alex Feinberg and Chinmay Soman and Sam Shah",
	TITLE =  "Serving Large-scale Batch Computed Data with Project Voldemort",
	YEAR = 2012,
	HOWPUBLISHED = "10th USENIX Conference on File and Storage technologies"
}

@Misc{ voldemortSLA,
	AUTHOR = "Jay Kreps",
	TITLE =  "Project Voldemort (Part II): How it works",
	HOWPUBLISHED = "\url{http://blog.linkedin.com/2009/04/01/project-voldemort-part-ii-how-it-works/}, retrieved 7th June 2012"
}

@Misc{ pnuts,
	AUTHOR = "Brian F. Cooper and Raghu Ramakrishnan and Utkarsh Srivastava and Adam Silberstein and Philip Bohannon and Hans-Arno Jacobsen and Nick Puz and Daniel Weaver and Ramana Yerneni",
	TITLE =  "PNUTS: Yahoo!’s Hosted Data Serving Platform",
	YEAR = 2012,
	HOWPUBLISHED = "The 34th International Conference on Very Large Databases, 2008 Auckland, New Zealand"
}

@Misc{ pnutsVid,
	AUTHOR = "Adam Silberstein",
	TITLE =  "Yahoo PNUTS at the 2011 OSCon Data conference.",
	HOWPUBLISHED = "\url{http://www.youtube.com/watch?v=0O_OjzEB9a8}, retrieved 8th June 2012"
}

